<?xml version="1.0" encoding="UTF-8"?><collection xmlns="http://www.loc.gov/MARC21/slim"><record><leader>00507nam--2200169-u-4500</leader><controlfield tag="001">000052131</controlfield><controlfield tag="002">20161230</controlfield><controlfield tag="005">20161230201049</controlfield><controlfield tag="008">090804s1000------------r-----000-0-eng-d</controlfield><datafield ind1=" " ind2=" " tag="040"><subfield code="a">IFIN-HH</subfield></datafield><datafield ind1=" " ind2=" " tag="080"><subfield code="a">518.2</subfield></datafield><datafield ind1="1" ind2=" " tag="245"><subfield code="a">Tables of the Modified Hankel Funktions of Order One-third and of Their Derivatives by the Staff of the Computation Laboratory</subfield></datafield><datafield ind1=" " ind2=" " tag="260"><subfield code="a">Cambridge</subfield><subfield code="b">Harvard University Press</subfield><subfield code="c">1945</subfield></datafield><datafield ind1=" " ind2=" " tag="300"><subfield code="a">235 p</subfield></datafield><datafield ind1=" " ind2=" " tag="490"><subfield code="v">vol.2</subfield></datafield><datafield ind1=" " ind2=" " tag="852"><subfield code="a">12300</subfield><subfield code="c">518.2</subfield></datafield><datafield ind1=" " ind2=" " tag="CAT"><subfield code="a">Sys</subfield><subfield code="c">20090804</subfield><subfield code="h">090935</subfield></datafield></record></collection>